%% This BibTeX bibliography file was created using BibDesk.
%% http://bibdesk.sourceforge.net/

%% Created for Will Kaufman at 2020-04-20 10:16:15 -0600 


%% Saved with string encoding Unicode (UTF-8) 



@misc{youssry2020quantum,
	Archiveprefix = {arXiv},
	Author = {Akram Youssry and Gerardo A. Paz-Silva and Christopher Ferrie},
	Date-Added = {2020-04-09 13:41:02 -0600},
	Date-Modified = {2020-04-09 13:41:02 -0600},
	Eprint = {2003.06827},
	Primaryclass = {quant-ph},
	Title = {Beyond Quantum Noise Spectroscopy: modelling and mitigating noise with quantum feature engineering},
	Year = {2020}}

@phdthesis{sinha-control,
	Author = {Sinha, Suddhasattwa},
	Date-Added = {2020-04-09 13:38:00 -0600},
	Date-Modified = {2020-04-09 13:39:14 -0600},
	School = {Massachusetts Institute of Technology},
	Title = {Coherent control of dipolar coupled spins in large Hilbert spaces},
	Year = {2006},
	Bdsk-Url-1 = {https://dspace.mit.edu/handle/1721.1/41278}}

@misc{such2017deep,
	Archiveprefix = {arXiv},
	Author = {Felipe Petroski Such and Vashisht Madhavan and Edoardo Conti and Joel Lehman and Kenneth O. Stanley and Jeff Clune},
	Date-Added = {2020-03-28 22:27:04 -0600},
	Date-Modified = {2020-03-28 22:27:04 -0600},
	Eprint = {1712.06567},
	Primaryclass = {cs.NE},
	Title = {Deep Neuroevolution: Genetic Algorithms Are a Competitive Alternative for Training Deep Neural Networks for Reinforcement Learning},
	Year = {2017}}

@article{Degen_2017,
	Author = {Degen, C.â€‰L. and Reinhard, F. and Cappellaro, P.},
	Date-Added = {2020-03-28 22:26:19 -0600},
	Date-Modified = {2020-03-28 22:26:19 -0600},
	Doi = {10.1103/revmodphys.89.035002},
	Issn = {1539-0756},
	Journal = {Reviews of Modern Physics},
	Month = {Jul},
	Number = {3},
	Publisher = {American Physical Society (APS)},
	Title = {Quantum sensing},
	Url = {http://dx.doi.org/10.1103/RevModPhys.89.035002},
	Volume = {89},
	Year = {2017},
	Bdsk-Url-1 = {http://dx.doi.org/10.1103/RevModPhys.89.035002},
	Bdsk-Url-2 = {http://dx.doi.org/10.1103/revmodphys.89.035002}}

@misc{lillicrap2015continuous,
	Archiveprefix = {arXiv},
	Author = {Timothy P. Lillicrap and Jonathan J. Hunt and Alexander Pritzel and Nicolas Heess and Tom Erez and Yuval Tassa and David Silver and Daan Wierstra},
	Date-Added = {2020-03-28 22:25:08 -0600},
	Date-Modified = {2020-03-28 22:25:08 -0600},
	Eprint = {1509.02971},
	Primaryclass = {cs.LG},
	Title = {Continuous control with deep reinforcement learning},
	Year = {2015}}

@article{Dong_2010,
	Author = {Dong, D. and Petersen, I.R.},
	Date-Added = {2020-03-28 22:24:39 -0600},
	Date-Modified = {2020-03-28 22:24:39 -0600},
	Doi = {10.1049/iet-cta.2009.0508},
	Issn = {1751-8652},
	Journal = {IET Control Theory & Applications},
	Month = {Dec},
	Number = {12},
	Pages = {2651--2671},
	Publisher = {Institution of Engineering and Technology (IET)},
	Title = {Quantum control theory and applications: a survey},
	Url = {http://dx.doi.org/10.1049/iet-cta.2009.0508},
	Volume = {4},
	Year = {2010},
	Bdsk-Url-1 = {http://dx.doi.org/10.1049/iet-cta.2009.0508}}

@webpage{LSTM,
	Date-Added = {2020-03-23 21:12:47 -0600},
	Date-Modified = {2020-03-23 21:12:54 -0600},
	Url = {http://colah.github.io/posts/2015-08-Understanding-LSTMs/},
	Bdsk-Url-1 = {http://colah.github.io/posts/2015-08-Understanding-LSTMs/}}

@webpage{RL-algos,
	Date-Added = {2020-02-09 16:26:39 -0500},
	Date-Modified = {2020-02-09 16:27:08 -0500},
	Lastchecked = {February 9, 2020},
	Month = {January},
	Url = {https://towardsdatascience.com/introduction-to-various-reinforcement-learning-algorithms-i-q-learning-sarsa-dqn-ddpg-72a5e0cb6287},
	Year = {2018},
	Bdsk-Url-1 = {https://towardsdatascience.com/introduction-to-various-reinforcement-learning-algorithms-i-q-learning-sarsa-dqn-ddpg-72a5e0cb6287}}

@article{Fran_ois_Lavet_2018,
	Author = {Fran{\c c}ois-Lavet, Vincent and Henderson, Peter and Islam, Riashat and Bellemare, Marc G. and Pineau, Joelle},
	Date-Added = {2020-02-09 16:23:18 -0500},
	Date-Modified = {2020-02-09 16:23:18 -0500},
	Doi = {10.1561/2200000071},
	Issn = {1935-8245},
	Journal = {Foundations and Trends{\textregistered} in Machine Learning},
	Number = {3-4},
	Pages = {219--354},
	Publisher = {Now Publishers},
	Title = {An Introduction to Deep Reinforcement Learning},
	Url = {http://dx.doi.org/10.1561/2200000071},
	Volume = {11},
	Year = {2018},
	Bdsk-Url-1 = {http://dx.doi.org/10.1561/2200000071}}

@webpage{quantum-rev-2,
	Date-Added = {2020-01-10 11:40:58 -0500},
	Date-Modified = {2020-01-10 11:41:26 -0500},
	Lastchecked = {January 10, 2020},
	Month = {October},
	Url = {https://www.wsj.com/articles/the-second-quantum-revolution-1539881599},
	Year = {2018},
	Bdsk-Url-1 = {https://www.wsj.com/articles/the-second-quantum-revolution-1539881599}}

@webpage{quantum-rev,
	Date-Added = {2020-01-10 11:28:36 -0500},
	Date-Modified = {2020-01-10 11:41:23 -0500},
	Lastchecked = {January 10, 2020},
	Month = {March},
	Url = {https://www.nist.gov/topics/physics/introduction-new-quantum-revolution/second-quantum-revolution},
	Year = {2018},
	Bdsk-Url-1 = {https://www.nist.gov/topics/physics/introduction-new-quantum-revolution/second-quantum-revolution}}

@misc{khadka2018evolutionguided,
	Archiveprefix = {arXiv},
	Author = {Shauharda Khadka and Kagan Tumer},
	Date-Added = {2020-01-07 10:15:59 -0500},
	Date-Modified = {2020-01-07 10:15:59 -0500},
	Eprint = {1805.07917},
	Primaryclass = {cs.LG},
	Title = {Evolution-Guided Policy Gradient in Reinforcement Learning},
	Year = {2018}}

@article{O_Keeffe_2019,
	Author = {O'Keeffe, Michael F and Horesh, Lior and Barry, John F and Braje, Danielle A and Chuang, Isaac L},
	Date-Added = {2020-01-07 10:06:43 -0500},
	Date-Modified = {2020-01-07 10:06:43 -0500},
	Doi = {10.1088/1367-2630/ab00be},
	Issn = {1367-2630},
	Journal = {New Journal of Physics},
	Month = {Feb},
	Number = {2},
	Pages = {023015},
	Publisher = {IOP Publishing},
	Title = {Hamiltonian engineering with constrained optimization for quantum sensing and control},
	Url = {http://dx.doi.org/10.1088/1367-2630/ab00be},
	Volume = {21},
	Year = {2019},
	Bdsk-Url-1 = {http://dx.doi.org/10.1088/1367-2630/ab00be}}

@article{PhysRevLett.119.183603,
	Author = {Choi, Soonwon and Yao, Norman Y. and Lukin, Mikhail D.},
	Date-Added = {2020-01-07 10:02:49 -0500},
	Date-Modified = {2020-01-07 10:02:49 -0500},
	Doi = {10.1103/PhysRevLett.119.183603},
	Issue = {18},
	Journal = {Phys. Rev. Lett.},
	Month = {Nov},
	Numpages = {6},
	Pages = {183603},
	Publisher = {American Physical Society},
	Title = {Dynamical Engineering of Interactions in Qudit Ensembles},
	Url = {https://link.aps.org/doi/10.1103/PhysRevLett.119.183603},
	Volume = {119},
	Year = {2017},
	Bdsk-Url-1 = {https://link.aps.org/doi/10.1103/PhysRevLett.119.183603},
	Bdsk-Url-2 = {https://doi.org/10.1103/PhysRevLett.119.183603}}

@article{Khaneja-2005,
	Abstract = {In this paper, we introduce optimal control algorithm for the design of pulse sequences in NMR spectroscopy. This methodology is used for designing pulse sequences that maximize the coherence transfer between coupled spins in a given specified time, minimize the relaxation effects in a given coherence transfer step or minimize the time required to produce a given unitary propagator, as desired. The application of these pulse engineering methods to design pulse sequences that are robust to experimentally important parameter variations, such as chemical shift dispersion or radiofrequency (rf) variations due to imperfections such as rf inhomogeneity is also explained.},
	Address = {Division of Applied Sciences, Harvard University, Cambridge, MA 02138, USA. navin@hrl.harvard.edu},
	Author = {Khaneja, Navin and Reiss, Timo and Kehlet, Cindie and Schulte-Herbruggen, Thomas and Glaser, Steffen J},
	Crdt = {2005/01/15 09:00},
	Date = {2005 Feb},
	Date-Added = {2020-01-07 09:54:48 -0500},
	Date-Modified = {2020-01-07 09:54:59 -0500},
	Dcom = {20050317},
	Doi = {10.1016/j.jmr.2004.11.004},
	Edat = {2005/01/15 09:00},
	Issn = {1090-7807 (Print); 1090-7807 (Linking)},
	Jid = {9707935},
	Journal = {J Magn Reson},
	Jt = {Journal of magnetic resonance (San Diego, Calif. : 1997)},
	Language = {eng},
	Lr = {20061115},
	Mh = {*Algorithms; Magnetic Resonance Spectroscopy/*methods},
	Mhda = {2005/03/18 09:00},
	Month = {Feb},
	Number = {2},
	Own = {NLM},
	Pages = {296--305},
	Phst = {2004/06/27 00:00 {$[$}received{$]$}; 2004/10/23 00:00 {$[$}revised{$]$}; 2005/01/15 09:00 {$[$}pubmed{$]$}; 2005/03/18 09:00 {$[$}medline{$]$}; 2005/01/15 09:00 {$[$}entrez{$]$}},
	Pii = {S1090-7807(04)00369-6},
	Pl = {United States},
	Pmid = {15649756},
	Pst = {ppublish},
	Pt = {Journal Article; Research Support, Non-U.S. Gov't; Research Support, U.S. Gov't, Non-P.H.S.},
	Sb = {IM},
	Status = {MEDLINE},
	Title = {Optimal control of coupled spin dynamics: design of NMR pulse sequences by gradient ascent algorithms.},
	Volume = {172},
	Year = {2005},
	Bdsk-Url-1 = {https://doi.org/10.1016/j.jmr.2004.11.004}}

@book{gerstein-dybowski,
	Annote = {Description of AHT, derivation of Magnus expansion, example pulse sequence},
	Author = {B.C. Gerstein and C.R. Dybowski},
	Date-Added = {2020-01-07 09:45:47 -0500},
	Date-Modified = {2020-01-07 09:51:32 -0500},
	Edition = {1},
	Publisher = {Academic Press},
	Title = {Transient Techniques in NMR of Solids: An Introduction to Theory and Practice},
	Year = {1985},
	Bdsk-Url-1 = {https://www.amazon.com/Transient-Techniques-NMR-Solids-Introduction/dp/0122811801}}

@article{vinding2018ultrafast,
	Annote = {Sekhar shared over Winterim},
	Archiveprefix = {arXiv},
	Author = {Mads Sloth Vinding and Birk Skyum and Ryan Sangill and Torben Ellegaard Lund},
	Date-Modified = {2020-01-07 09:58:13 -0500},
	Eprint = {1811.02273},
	Primaryclass = {physics.med-ph},
	Title = {Ultra-fast (milliseconds), multi-dimensional RF pulse design with deep learning},
	Year = {2018},
	Bdsk-Url-1 = {https://arxiv.org/abs/1811.02273}}

@comment{BibDesk Static Groups{
<?xml version="1.0" encoding="UTF-8"?>
<!DOCTYPE plist PUBLIC "-//Apple//DTD PLIST 1.0//EN" "http://www.apple.com/DTDs/PropertyList-1.0.dtd">
<plist version="1.0">
<array>
	<dict>
		<key>group name</key>
		<string>ML</string>
		<key>keys</key>
		<string>khadka2018evolutionguided,Fran_ois_Lavet_2018</string>
	</dict>
	<dict>
		<key>group name</key>
		<string>To Read</string>
		<key>keys</key>
		<string>PhysRevLett.119.183603,O_Keeffe_2019,khadka2018evolutionguided,vinding2018ultrafast,Fran_ois_Lavet_2018,such2017deep,sinha-control,youssry2020quantum</string>
	</dict>
</array>
</plist>
}}
